@misc{cms_collab, title={CERN Accelerating science}, url={https://cms.cern/collaboration}, journal={Collaboration | CMS Experiment}}

@article{vovchenko2019canonical,
  title={Canonical statistical model analysis of p- p, p-Pb, and Pb-Pb collisions at energies available at the CERN Large Hadron Collider},
  author={Vovchenko, Volodymyr and D{\"o}nigus, Benjamin and Stoecker, Horst},
  journal={Physical Review C},
  volume={100},
  number={5},
  pages={054906},
  year={2019},
  publisher={APS}
}
